@book{Love2010,
    title = {{Linux Kernel Development, Third Edition (bart voet's Library)}},
    year = {2010},
    author = {Love, Robert},
    volume = {14},
    url = {http://perso.crans.org/segaud/Addison-Wesley Professional Linux Kernel Development 3rd.pdf},
    isbn = {978-0-672-32946-3}
}

@book{Russinovich,
    title = {{Windows Internals, Sixth Edition, Part 1 eBook}},
    year = {2012},
    author = {Russinovitch, Mark and Solomon, David A. and Ionescu, Alex},
    pages = {752},
    url = {http://materias.fi.uba.ar/7508/WI6/Windows Internals Part 1 (6th Edition).pdf http://oreilly.com/catalog/errata.csp?isbn=0790145305930},
    isbn = {9780735648739},
    keywords = {Windows}
}

@book{McKusick,
    title = {{The Design and Implementation of the FreeBSD Operating System}},
    author = {McKusick, Marshal K. and Neville-Neil, George V. and Watson, Robert N.M.},
    edition = {2nd},
    url = {http://ptgmedia.pearsoncmg.com/images/9780321968975/samplepages/9780321968975.pdf}
}

@article{Electrons2012LinuxReference,
    title = {{Linux Cross Reference}},
    year = {2012},
    author = {Electrons, Free},
    pages = {1--14},
    volume = {6509},
    url = {http://lxr.free-electrons.com/source/include/linux/sched.h}
}

@misc{AboutWindows,
    title = {{About Processes and Threads (Windows)}},
    url = {https://msdn.microsoft.com/en-us/library/windows/desktop/ms681917(v=vs.85).aspx}
}

@article{Document2015ProcessesThreads,
    title = {{Processes and Threads}},
    year = {2015},
    author = {Document, This},
    pages = {1--8},
    url = {https://msdn.microsoft.com/en-us/library/windows/desktop/ms684841(v=vs.85).aspx}
}

@misc{SchedulingWindows,
    title = {{Scheduling Priorities (Windows)}},
    booktitle = {Windows Dev Center},
    url = {https://msdn.microsoft.com/en-us/library/windows/desktop/ms685100(v=vs.85).aspx},
    language = {English}
}

@misc{KernelEncryption,
    title = {{Kernel vs User Implementation for Software Data Encryption}},
    url = {http://hildstrom.com/projects/kvuifsde/#ksvsusdiskencryption}
}

@misc{JonathanCorbetAlessandroRubini2005LinuxLWN.net,
    title = {{Linux Device Drivers, Third Edition [LWN.net]}},
    year = {2005},
    booktitle = {O’Reilly’s books},
    author = {Jonathan Corbet, Alessandro Rubini, and Greg Kroah-Hartman.},
    pages = {615},
    url = {https://lwn.net/Kernel/LDD3/}
}

@misc{StephanMueller2014LinuxAPI,
    title = {{Linux Kernel Crypto API}},
    year = {2014},
    booktitle = {The kernel development community},
    author = {Stephan Mueller, Marek Vaut},
    url = {http://www.chronox.de/crypto-API/}
}

@misc{PatPatternson2015SimpleKernel,
    title = {{Simple Block Driver for Linux Kernel}},
    year = {2015},
    author = {{Pat Patternson}},
    url = {http://blog.superpat.com/2010/05/04/a-simple-block-driver-for-linux-kernel-2-6-31/}
}

@misc{CodeDocumentation,
    title = {{Code Examples — The Linux Kernel 4.6.0+ documentation}},
    url = {http://www.chronox.de/crypto-API/crypto/api-samples.html#code-example-for-symmetric-key-cipher-operation}
}

@misc{HowCommunity,
    title = {{How to build a ramdisk (rootfs.ext2.gz.uboot) i... | NXP Community}},
    url = {https://community.nxp.com/thread/390290}
}

@misc{CreatingWiki,
    title = {{Creating a Root File System for Linux on OMAP35x - Texas Instruments Wiki}},
    url = {http://processors.wiki.ti.com/index.php/Creating_a_Root_File_System_for_Linux_on_OMAP35x}
}

@misc{DmcryptCryptsetup,
    title = {{Dmcrypt {\textperiodcentered} Wiki {\textperiodcentered} cryptsetup / cryptsetup}},
    url = {https://gitlab.com/cryptsetup/cryptsetup/wikis/DMCrypt}
}

@book{McKusickWindows2,
    title = {{Windows Internals Part 2}},
    author = {McKusick, Marshal K. and Neville-Neil, George V. and Watson, Robert N.M.},
    edition = {2nd},
    url = {http://materias.fi.uba.ar/7508/WI6/Windows%20Internals%20Part%202_6th%20Edition.pdf}
}